<record><leader>00000cas a22000007a 4500</leader><controlfield tag="001">20728112</controlfield><controlfield tag="008">891204d19531956aruwr ne      0    0eng d</controlfield><datafield ind1=" " ind2=" " tag="010"><subfield code="a">sn 89051447 </subfield></datafield><datafield ind1=" " ind2=" " tag="040"><subfield code="a">ANU</subfield><subfield code="b">eng</subfield><subfield code="c">ANU</subfield><subfield code="d">NSD</subfield><subfield code="d">OCLCQ</subfield><subfield code="d">OCLCF</subfield><subfield code="d">OCLCO</subfield></datafield><datafield ind1=" " ind2=" " tag="042"><subfield code="a">msc</subfield></datafield><datafield ind1=" " ind2=" " tag="043"><subfield code="a">n-us-ar</subfield></datafield><datafield ind1="0" ind2="0" tag="245"><subfield code="a">Stone County leader-and the Mountain View herald.</subfield></datafield><datafield ind1="1" ind2="3" tag="246"><subfield code="a">Stone County leader</subfield></datafield><datafield ind1=" " ind2=" " tag="260"><subfield code="a">Mountain View, Stone County, Ark. :</subfield><subfield code="b">J. Maurice Tudor, Ardath Tudor</subfield></datafield><datafield ind1=" " ind2=" " tag="300"><subfield code="a">v.</subfield></datafield><datafield ind1=" " ind2=" " tag="310"><subfield code="a">Weekly</subfield></datafield><datafield ind1="0" ind2=" " tag="362"><subfield code="a">Vol. 1, no. 42 (Jan. 23, 1953)-v. 5, no. 27 (Oct. 11, 1956).</subfield></datafield><datafield ind1=" " ind2="0" tag="651"><subfield code="a">Mountain View (Ark.)</subfield><subfield code="v">Newspapers.</subfield></datafield><datafield ind1=" " ind2="7" tag="655"><subfield code="a">Newspapers.</subfield><subfield code="2">fast</subfield><subfield code="0">(OCoLC)fst01423814</subfield></datafield><datafield ind1=" " ind2="7" tag="651"><subfield code="a">Arkansas</subfield><subfield code="z">Mountain View.</subfield><subfield code="2">fast</subfield><subfield code="0">(OCoLC)fst01229014</subfield></datafield><datafield ind1=" " ind2=" " tag="752"><subfield code="a">United States</subfield><subfield code="b">Arkansas</subfield><subfield code="c">Stone</subfield><subfield code="d">Mountain View.</subfield></datafield><datafield ind1="0" ind2="4" tag="780"><subfield code="t">Stone County leader (Mountain View, Ark. : 1952)</subfield><subfield code="w">(DLC)sn 91050217</subfield></datafield><datafield ind1="0" ind2="4" tag="780"><subfield code="t">Mountain View herald (Mountain View, Ark.)</subfield><subfield code="w">(DLC)sn 89051446</subfield></datafield><datafield ind1="0" ind2="0" tag="785"><subfield code="t">Stone County leader (Mountain View, Ark. : 1956)</subfield><subfield code="x">1066-3983</subfield><subfield code="w">(DLC)sn 89051042</subfield></datafield></record>